{
    "companies": {
        "688596": {
            "company_name": "正帆科技",
            "stock_code": "688596",
            "profit_sheet": {
                "years": [
                    "2013-12-31",
                    "2014-12-31",
                    "2015-12-31",
                    "2016-12-31",
                    "2017-12-31",
                    "2018-12-31",
                    "2019-12-31",
                    "2020-12-31",
                    "2021-12-31",
                    "2022-12-31",
                    "2023-12-31"
                ],
                "metrics": {
                    "营业收入": [
                        216066710.5,
                        498308998.3,
                        511539349.07,
                        580207224.42,
                        707163084.95,
                        920632420.27,
                        1185704515.6,
                        1108985484.16,
                        1836764431.27,
                        2704742573.87,
                        3834735535.09
                    ],
                    "营业成本": [
                        228095821.97,
                        480591106.52,
                        498749251.77,
                        559975028.23,
                        666669870.68,
                        837546246.76,
                        1083056636.78,
                        1008709357.21,
                        1663788279.0,
                        2444205658.07,
                        3424971156.82
                    ],
                    "主营业务成本": [
                        160239658.39,
                        384250900.54,
                        401876327.5,
                        463679843.79,
                        557438891.8,
                        679964047.83,
                        885155256.79,
                        805965642.84,
                        1356011764.37,
                        1962056484.78,
                        2795009651.23
                    ],
                    "附加税": [
                        2423524.55,
                        9389858.07,
                        3620410.34,
                        4854680.45,
                        4418610.95,
                        6736281.31,
                        13116073.34,
                        13500287.37,
                        11022965.72,
                        11187497.42,
                        13272673.03
                    ],
                    "销售费用": [
                        13094249.08,
                        13208842.14,
                        14021781.76,
                        13660088.6,
                        15813650.8,
                        19505375.52,
                        30687515.03,
                        23025766.19,
                        40746253.32,
                        47778827.45,
                        66334363.51
                    ],
                    "管理费用": [
                        53903229.76,
                        67273243.46,
                        65806604.43,
                        70707080.78,
                        51661159.93,
                        77762200.32,
                        95255565.49,
                        114357821.73,
                        181372349.04,
                        265703765.04,
                        285303226.2
                    ],
                    "财务费用": [
                        -1878542.06,
                        1079224.06,
                        6389807.55,
                        957944.9,
                        5299634.66,
                        13990681.94,
                        12855543.51,
                        -630367.32,
                        -3586069.0,
                        7570980.41,
                        14027373.44
                    ],
                    "营业利润": [
                        -12029111.47,
                        17717891.78,
                        12790097.3,
                        20232196.19,
                        32979149.12,
                        68104887.41,
                        94628590.73,
                        143153922.73,
                        183113687.65,
                        265834497.62,
                        440403321.83
                    ],
                    "营业外收入": [
                        2633925.31,
                        5087297.75,
                        914264.65,
                        3792508.87,
                        1455995.51,
                        77037.62,
                        88416.09,
                        110158.84,
                        513936.72,
                        2421005.3,
                        795523.28
                    ],
                    "营业外支出": [
                        110955.84,
                        127377.63,
                        424894.56,
                        75122.4,
                        1408507.76,
                        551740.91,
                        373027.42,
                        400384.03,
                        286198.99,
                        252348.2,
                        666751.06
                    ],
                    "税前利润": [
                        -9506142.0,
                        22677811.9,
                        13279467.39,
                        23949582.66,
                        33026636.87,
                        67630184.12,
                        94343979.4,
                        142863697.54,
                        183341425.38,
                        268003154.72,
                        440532094.05
                    ],
                    "所得税": [
                        -3560834.51,
                        4156124.01,
                        1601213.46,
                        4524017.64,
                        4371606.15,
                        8657462.8,
                        10423105.34,
                        18605629.59,
                        15209786.44,
                        6730122.96,
                        17144066.21
                    ],
                    "净利润": [
                        -5945307.49,
                        18521687.89,
                        11678253.93,
                        19425565.02,
                        28655030.72,
                        58972721.32,
                        83920874.06,
                        124258067.95,
                        168131638.94,
                        261273031.76,
                        423388027.84
                    ],
                    "归属母公司净利润": [
                        -4342973.85,
                        16399841.33,
                        12454151.99,
                        20967687.9,
                        30516333.31,
                        60033497.69,
                        83022780.16,
                        124258067.95,
                        168402808.59,
                        258765713.77,
                        401342163.2
                    ],
                    "少数股东损益": [
                        -1602333.64,
                        2121846.56,
                        -775898.06,
                        -1542122.88,
                        -1861302.59,
                        -1060776.37,
                        898093.9,
                        null,
                        -271169.65,
                        2507317.99,
                        22045864.64
                    ],
                    "研发费用": [
                        null,
                        null,
                        null,
                        null,
                        32037922.54,
                        39587659.84,
                        45986682.62,
                        52490206.4,
                        78221015.55,
                        149908102.97,
                        251023869.41
                    ],
                    "资产减值损益": [
                        null,
                        null,
                        null,
                        null,
                        -11830522.27,
                        -22493738.61,
                        -10292394.47,
                        -6949168.37,
                        -8807369.96,
                        -7893309.3,
                        -4049913.51
                    ],
                    "其他收入": [
                        null,
                        null,
                        null,
                        null,
                        4163148.58,
                        7368430.85,
                        4352837.34,
                        23850016.34,
                        16132639.98,
                        19979939.51,
                        41412332.52
                    ],
                    "信用减值损益": [
                        null,
                        null,
                        null,
                        null,
                        null,
                        null,
                        -5026088.36,
                        1630111.66,
                        -15257093.96,
                        -33173520.24,
                        -63352935.42
                    ],
                    "经常性净利润": [
                        null,
                        null,
                        null,
                        null,
                        null,
                        null,
                        83920874.06,
                        124258067.95,
                        168131638.94,
                        261273031.76,
                        423388027.84
                    ],
                    "公允价值变动损益": [
                        null,
                        null,
                        null,
                        null,
                        null,
                        null,
                        null,
                        23727061.19,
                        16294669.44,
                        25701047.45,
                        53680178.08
                    ],
                    "投资收益": [
                        null,
                        null,
                        null,
                        null,
                        null,
                        null,
                        null,
                        330586.3,
                        1646802.12,
                        697252.05,
                        2918003.24
                    ],
                    "毛利润": [
                        -12029111.469999999,
                        17717891.78000003,
                        12790097.300000012,
                        20232196.189999938,
                        40493214.2700001,
                        83086173.50999999,
                        102647878.81999993,
                        100276126.95000005,
                        172976152.26999998,
                        260536915.7999997,
                        409764378.27
                    ],
                    "毛利率": [
                        -5.57,
                        3.56,
                        2.5,
                        3.49,
                        5.73,
                        9.02,
                        8.66,
                        9.04,
                        9.42,
                        9.63,
                        10.69
                    ],
                    "净利润率": [
                        -2.75,
                        3.72,
                        2.28,
                        3.35,
                        4.05,
                        6.41,
                        7.08,
                        11.2,
                        9.15,
                        9.66,
                        11.04
                    ],
                    "净利润增长率": [
                        null,
                        -411.53,
                        -36.95,
                        66.34,
                        47.51,
                        105.8,
                        42.3,
                        48.07,
                        35.31,
                        55.4,
                        62.05
                    ],
                    "营业收入增长率": [
                        null,
                        130.63,
                        2.66,
                        13.42,
                        21.88,
                        30.19,
                        28.79,
                        -6.47,
                        65.63,
                        47.26,
                        41.78
                    ],
                    "销售费用占比": [
                        6.06,
                        2.65,
                        2.74,
                        2.35,
                        2.24,
                        2.12,
                        2.59,
                        2.08,
                        2.22,
                        1.77,
                        1.73
                    ],
                    "管理费用占比": [
                        24.95,
                        13.5,
                        12.86,
                        12.19,
                        7.31,
                        8.45,
                        8.03,
                        10.31,
                        9.87,
                        9.82,
                        7.44
                    ],
                    "研发费用占比": [
                        null,
                        null,
                        null,
                        null,
                        4.53,
                        4.3,
                        3.88,
                        4.73,
                        4.26,
                        5.54,
                        6.55
                    ]
                }
            },
            "balance_sheet": {
                "years": [
                    "2013-12-31",
                    "2014-12-31",
                    "2015-12-31",
                    "2016-12-31",
                    "2017-12-31",
                    "2018-12-31",
                    "2019-12-31",
                    "2020-12-31",
                    "2021-12-31",
                    "2022-12-31",
                    "2023-12-31"
                ],
                "metrics": {
                    "合同负债": [
                        195904619.64,
                        193364783.38,
                        125284250.63,
                        198857064.13,
                        189312890.35,
                        383535026.04,
                        430636410.77,
                        536990121.8,
                        721238442.77,
                        1111451343.24,
                        2333809906.88
                    ],
                    "应收票据及应收账款": [
                        125955725.14,
                        155539769.69,
                        210371125.27,
                        242227909.9,
                        343269034.89,
                        458423637.6,
                        447364847.14,
                        484071630.85,
                        635256607.57,
                        1046643720.43,
                        1797747071.64
                    ],
                    "应收账款": [
                        96650006.22,
                        121785336.32,
                        190753101.67,
                        210172086.8,
                        260561082.81,
                        303169586.95,
                        346682707.29,
                        329628447.8,
                        498217301.64,
                        821384591.04,
                        1536343053.84
                    ],
                    "应收票据": [
                        29305718.92,
                        33754433.37,
                        19618023.6,
                        32055823.1,
                        82707952.08,
                        155254050.65,
                        100682139.85,
                        154443183.05,
                        137039305.93,
                        225259129.39,
                        261404017.8
                    ],
                    "预付账款": [
                        27605756.22,
                        25818606.62,
                        15173380.32,
                        51943625.32,
                        35044311.15,
                        46569980.25,
                        36583530.39,
                        51467588.45,
                        90491343.43,
                        140870944.86,
                        154788294.06
                    ],
                    "存货": [
                        215263583.85,
                        204760834.98,
                        151145684.91,
                        237107966.06,
                        300536810.98,
                        467943999.59,
                        471277412.84,
                        638849877.45,
                        1062061920.0,
                        1983413951.44,
                        3376622490.98
                    ],
                    "其他应收款": [
                        13862670.17,
                        12756059.29,
                        9094600.23,
                        7074831.12,
                        14799159.45,
                        13614402.71,
                        13325208.24,
                        16572591.16,
                        22890442.29,
                        27111508.76,
                        42815172.35
                    ],
                    "流动资产": [
                        452076026.45,
                        461127784.06,
                        473507191.16,
                        631981307.37,
                        782972498.22,
                        1178126241.37,
                        1291022788.78,
                        2336855300.68,
                        2698048153.03,
                        4747144536.43,
                        6424881965.46
                    ],
                    "固定资产": [
                        54463715.46,
                        90470632.53,
                        113066486.99,
                        102061509.48,
                        94159887.33,
                        245975200.16,
                        350251200.42,
                        333319272.82,
                        330797275.83,
                        523882477.0,
                        651897904.89
                    ],
                    "无形资产": [
                        35127935.16,
                        34258825.74,
                        35896604.1,
                        35122012.52,
                        35153825.74,
                        34429875.63,
                        33720844.56,
                        34321373.0,
                        71071153.05,
                        148863018.12,
                        161879448.46
                    ],
                    "总资产": [
                        582269995.4,
                        622723777.16,
                        665402467.74,
                        891964062.14,
                        1136079125.66,
                        1556509453.36,
                        1695405068.74,
                        2826014927.27,
                        3507658393.5,
                        5964323838.69,
                        8065228289.12
                    ],
                    "短期借款": [
                        5000000.0,
                        54637832.08,
                        54635250.76,
                        47500000.0,
                        115606840.0,
                        113347640.0,
                        61092933.19,
                        null,
                        80083083.32,
                        932203393.69,
                        255522991.36
                    ],
                    "应付票据及应付账款": [
                        69073586.38,
                        118963678.51,
                        112061557.39,
                        188039249.48,
                        245607829.86,
                        379843047.75,
                        361850119.24,
                        483912830.52,
                        654202779.57,
                        1168600570.16,
                        1863222979.97
                    ],
                    "应付账款": [
                        64717931.96,
                        111175908.43,
                        108735321.79,
                        188039249.48,
                        229686200.78,
                        379843047.75,
                        361850119.24,
                        469162274.99,
                        640641133.38,
                        1051783584.76,
                        1383817721.69
                    ],
                    "应付票据": [
                        4355654.42,
                        7787770.08,
                        3326235.6,
                        null,
                        15921629.08,
                        null,
                        null,
                        14750555.53,
                        13561646.19,
                        116816985.4,
                        479405258.28
                    ],
                    "应付职工薪酬": [
                        8685365.27,
                        6683875.17,
                        9198586.05,
                        13035585.65,
                        19451937.58,
                        27260425.3,
                        31517185.2,
                        37307239.43,
                        58788039.41,
                        76401613.9,
                        96443034.6
                    ],
                    "应付税费": [
                        1915277.27,
                        3950911.21,
                        13446247.14,
                        12195733.18,
                        41474231.23,
                        53210815.09,
                        22172368.51,
                        19785141.9,
                        11278470.49,
                        26128910.15,
                        30337057.88
                    ],
                    "其他应付款": [
                        8487052.62,
                        6568726.51,
                        5497847.72,
                        2849570.97,
                        4872648.86,
                        3945167.94,
                        13800708.3,
                        9796308.57,
                        7051444.73,
                        70857897.01,
                        20345957.17
                    ],
                    "流动负债": [
                        289065901.18,
                        384169806.86,
                        320123739.69,
                        462477203.41,
                        616326377.88,
                        968642122.12,
                        930250967.4,
                        1102540223.5,
                        1567824406.81,
                        3423302252.11,
                        4716115870.55
                    ],
                    "总负债": [
                        295046146.35,
                        387006591.35,
                        351986529.3,
                        555903768.46,
                        767660118.51,
                        1071839599.72,
                        1026547886.36,
                        1121224668.43,
                        1640529316.29,
                        3550812001.94,
                        5010697923.35
                    ],
                    "实收资本": [
                        114352960.0,
                        109370197.65,
                        149245049.0,
                        149245049.0,
                        149245049.0,
                        164128562.0,
                        192264553.0,
                        256500000.0,
                        256500000.0,
                        273710606.0,
                        280615621.0
                    ],
                    "少数股东权益": [
                        12758836.61,
                        16501092.19,
                        15874084.24,
                        14552157.47,
                        12852770.17,
                        11727356.78,
                        null,
                        null,
                        2728830.35,
                        5236148.34,
                        52643571.28
                    ],
                    "长期应付款": [
                        null,
                        null,
                        22906789.61,
                        82378665.05,
                        135921712.93,
                        null,
                        null,
                        null,
                        null,
                        null,
                        10989140.42
                    ],
                    "长期待摊费用": [
                        null,
                        null,
                        null,
                        621982.73,
                        1186507.94,
                        456417.74,
                        964040.3,
                        1115742.54,
                        5852019.95,
                        65188676.57,
                        59874808.01
                    ],
                    "长期借款": [
                        null,
                        null,
                        null,
                        null,
                        null,
                        92500000.0,
                        83500000.0,
                        null,
                        null,
                        40054666.67,
                        188312562.65
                    ],
                    "租赁负债": [
                        null,
                        null,
                        null,
                        null,
                        null,
                        null,
                        null,
                        null,
                        51304510.19,
                        51382918.98,
                        42048201.43
                    ],
                    "资产负债率": [
                        50.67,
                        62.15,
                        52.9,
                        62.32,
                        67.57,
                        68.86,
                        60.55,
                        39.68,
                        46.77,
                        59.53,
                        62.13
                    ],
                    "应收账款及应收票据": [
                        125955725.14,
                        155539769.69,
                        210371125.27,
                        242227909.9,
                        343269034.89,
                        458423637.6,
                        447364847.14,
                        484071630.85,
                        635256607.57,
                        1046643720.43,
                        1797747071.64
                    ],
                    "应收账款及应收票据占比": [
                        58.29,
                        31.21,
                        41.13,
                        41.75,
                        48.54,
                        49.79,
                        37.73,
                        43.65,
                        34.59,
                        38.7,
                        46.88
                    ],
                    "存货占营业成本比": [
                        94.37,
                        42.61,
                        30.3,
                        42.34,
                        45.08,
                        55.87,
                        43.51,
                        63.33,
                        63.83,
                        81.15,
                        98.59
                    ],
                    "应付账款及应付票据": [
                        69073586.38,
                        118963678.51,
                        112061557.39,
                        188039249.48,
                        245607829.86,
                        379843047.75,
                        361850119.24,
                        483912830.52,
                        654202779.57,
                        1168600570.16,
                        1863222979.97
                    ],
                    "应付账款及应付票据占比": [
                        30.28,
                        24.75,
                        22.47,
                        33.58,
                        36.84,
                        45.35,
                        33.41,
                        47.97,
                        39.32,
                        47.81,
                        54.4
                    ],
                    "合同负债占比": [
                        90.67,
                        38.8,
                        24.49,
                        34.27,
                        26.77,
                        41.66,
                        36.32,
                        48.42,
                        39.27,
                        41.09,
                        60.86
                    ],
                    "应付账款占营业成本与存货比": [
                        15.58,
                        17.36,
                        17.24,
                        23.59,
                        25.39,
                        29.1,
                        23.28,
                        29.37,
                        24.0,
                        26.39,
                        27.39
                    ]
                }
            },
            "cash_flow": {
                "years": [
                    "2013-12-31",
                    "2014-12-31",
                    "2015-12-31",
                    "2016-12-31",
                    "2017-12-31",
                    "2018-12-31",
                    "2019-12-31",
                    "2020-12-31",
                    "2021-12-31",
                    "2022-12-31",
                    "2023-12-31"
                ],
                "metrics": {
                    "销售收款": [
                        348470574.5,
                        410771419.06,
                        365898933.07,
                        546973949.82,
                        526431494.07,
                        883417286.12,
                        965758645.76,
                        855409946.44,
                        1319494389.88,
                        2385221650.93,
                        3545558692.63
                    ],
                    "其他经营性流入": [
                        11767762.77,
                        3509561.78,
                        7417413.86,
                        5368602.17,
                        10436593.99,
                        2730167.35,
                        6540694.79,
                        26288641.97,
                        17053560.87,
                        30688530.75,
                        29026789.53
                    ],
                    "经营活动现金流入总额": [
                        366812934.66,
                        414280980.84,
                        373316346.93,
                        552342551.99,
                        536868088.06,
                        886147453.47,
                        972299340.55,
                        881698588.41,
                        1336547950.75,
                        2449657129.79,
                        3576034074.36
                    ],
                    "采购支出": [
                        188911594.48,
                        241601055.19,
                        263578170.06,
                        381112690.77,
                        405640064.31,
                        541764426.75,
                        564210639.63,
                        580690212.57,
                        930137025.57,
                        2053327525.94,
                        2759459280.86
                    ],
                    "人工支出": [
                        73526049.06,
                        86894065.51,
                        68303841.53,
                        77740368.67,
                        99722774.78,
                        133240098.81,
                        154332058.92,
                        159665549.05,
                        223930966.18,
                        303331380.6,
                        380709952.96
                    ],
                    "税费支出": [
                        19920780.87,
                        16336144.24,
                        13944678.65,
                        33081426.23,
                        31371442.55,
                        54704588.1,
                        106328963.38,
                        112246085.36,
                        88810468.34,
                        87737532.23,
                        112157228.13
                    ],
                    "其他经营性流出": [
                        29648019.44,
                        22418051.53,
                        31213374.19,
                        35176825.9,
                        42763809.83,
                        46175873.6,
                        62334180.58,
                        85061718.27,
                        113306241.98,
                        167587063.75,
                        208167465.16
                    ],
                    "经营活动现金流出总额": [
                        312006443.85,
                        367249316.47,
                        377040064.43,
                        527111311.57,
                        579498091.47,
                        775884987.26,
                        887205842.51,
                        937663565.25,
                        1356184702.07,
                        2611983502.52,
                        3460493927.11
                    ],
                    "经营活动现金流量净额": [
                        54806490.81,
                        47031664.37,
                        -3723717.5,
                        25231240.42,
                        -42630003.41,
                        110262466.21,
                        85093498.04,
                        -55964976.84,
                        -19636751.32,
                        -162326372.73,
                        115540147.25
                    ],
                    "固定资产支出": [
                        58939716.58,
                        30566631.03,
                        64874893.5,
                        77557665.62,
                        71520325.17,
                        20227227.45,
                        40198350.83,
                        29129560.28,
                        187162863.31,
                        259628348.22,
                        360180174.61
                    ],
                    "投资活动现金流出总额": [
                        59113371.99,
                        30848171.78,
                        64874893.5,
                        77557665.62,
                        71520325.17,
                        20227227.45,
                        40198350.83,
                        213129560.28,
                        479652863.31,
                        443568782.06,
                        1344968439.25
                    ],
                    "吸收投资流入": [
                        14500000.0,
                        1500000.0,
                        73692000.0,
                        null,
                        null,
                        53967620.0,
                        120000000.0,
                        910722926.13,
                        3000000.0,
                        330824123.0,
                        166738763.0
                    ],
                    "投资活动现金流量净额": [
                        -53971209.32,
                        -27911135.29,
                        -60246158.09,
                        -75031203.87,
                        -70621394.19,
                        -19657775.42,
                        -36046542.67,
                        -150087503.61,
                        -216304940.64,
                        -329550032.19,
                        -389784861.21
                    ],
                    "借款流入": [
                        5000000.0,
                        54637832.08,
                        73989128.62,
                        53500000.0,
                        122012394.0,
                        221340800.0,
                        104225000.0,
                        95000000.0,
                        80000000.0,
                        1035647387.73,
                        557142371.95
                    ],
                    "筹资活动现金流入总额": [
                        19500000.0,
                        56137832.08,
                        170351128.62,
                        112025473.46,
                        168962394.0,
                        276751904.62,
                        224225000.0,
                        1019328844.83,
                        97505944.59,
                        1367539382.73,
                        724849933.76
                    ],
                    "分红支出": [
                        121438.89,
                        1383387.84,
                        2898674.73,
                        1068386.18,
                        4525575.95,
                        23349918.35,
                        11274045.11,
                        6709513.62,
                        26321415.32,
                        47358945.58,
                        24961682.82
                    ],
                    "筹资活动现金流出总额": [
                        80121438.89,
                        79930526.94,
                        82439480.7,
                        61703636.94,
                        65109343.28,
                        267929918.35,
                        190536851.78,
                        260002713.62,
                        39359755.51,
                        269927558.16,
                        1061413156.29
                    ],
                    "筹资活动现金流量净额": [
                        -60621438.89,
                        -23792694.86,
                        87911647.92,
                        50321836.52,
                        103853050.72,
                        8821986.27,
                        33688148.22,
                        759326131.21,
                        58146189.08,
                        1097611824.57,
                        -336563222.53
                    ],
                    "现金增加": [
                        -59823662.85,
                        -4661125.48,
                        24250810.78,
                        1089054.38,
                        -10097261.69,
                        97235266.04,
                        82850684.81,
                        552210486.54,
                        -178722848.9,
                        603897866.98,
                        -614414508.85
                    ],
                    "期末现金": [
                        48467419.79,
                        43806294.31,
                        68057105.08,
                        69146159.46,
                        59048897.77,
                        156284163.81,
                        239134848.62,
                        791345335.16,
                        612622486.26,
                        1216520353.24,
                        602105844.39
                    ],
                    "存货余额减少": [
                        -94491157.68,
                        10502748.87,
                        72623666.71,
                        -87090916.86,
                        -48921130.61,
                        -171103694.52,
                        -13625807.72,
                        -169689134.24,
                        -427930617.45,
                        -927495487.11,
                        -1387528222.73
                    ],
                    "应收余额减少": [
                        30157150.18,
                        -48500369.17,
                        -52728913.32,
                        -77514836.04,
                        -144685449.36,
                        -169038261.29,
                        -54701894.01,
                        -275642356.61,
                        -206151242.27,
                        -595706829.99,
                        -903091464.13
                    ],
                    "应付余额增加": [
                        118394355.76,
                        51808943.29,
                        -58400060.34,
                        148360699.37,
                        92012048.29,
                        335733172.01,
                        19857484.66,
                        252216078.9,
                        386761207.96,
                        964601973.87,
                        1825342430.56
                    ],
                    "还款流出": [
                        null,
                        5000000.0,
                        71991709.94,
                        60635250.76,
                        54000000.0,
                        118830000.0,
                        164072640.0,
                        248500000.0,
                        null,
                        125247387.73,
                        1018420000.0
                    ],
                    "投资支出": [
                        null,
                        null,
                        null,
                        null,
                        null,
                        null,
                        null,
                        184000000.0,
                        292490000.0,
                        183940433.84,
                        957161810.0
                    ]
                }
            }
        },
        "603690": {
            "company_name": "至纯科技",
            "stock_code": "603690",
            "profit_sheet": {
                "years": [
                    "2011-12-31",
                    "2012-12-31",
                    "2013-12-31",
                    "2014-12-31",
                    "2015-12-31",
                    "2016-12-31",
                    "2017-12-31",
                    "2018-12-31",
                    "2019-12-31",
                    "2020-12-31",
                    "2021-12-31",
                    "2022-12-31",
                    "2023-12-31"
                ],
                "metrics": {
                    "营业收入": [
                        164502100.0,
                        161506000.0,
                        202234060.13,
                        201814771.1,
                        207506794.62,
                        263297955.72,
                        369077914.79,
                        674090652.58,
                        986439195.28,
                        1397056129.25,
                        2084097721.32,
                        3049525265.51,
                        3151026067.05
                    ],
                    "营业成本": [
                        123615400.0,
                        137651000.0,
                        176373377.11,
                        174246206.49,
                        189433499.11,
                        222670693.19,
                        320425847.93,
                        617043762.72,
                        875338876.87,
                        1256575640.34,
                        1836296361.34,
                        2661612980.41,
                        2958825822.39
                    ],
                    "主营业务成本": [
                        93995300.0,
                        93614700.0,
                        131655039.77,
                        127566142.86,
                        125072567.11,
                        163953786.92,
                        225049106.14,
                        484062469.44,
                        647611435.1,
                        883083845.99,
                        1329888561.03,
                        1971130839.33,
                        2085608096.47
                    ],
                    "附加税": [
                        3754200.0,
                        1836800.0,
                        1479931.97,
                        1430936.5,
                        1377142.62,
                        1522168.81,
                        3163620.57,
                        5719605.72,
                        5976740.2,
                        9601905.95,
                        10001660.39,
                        20416849.19,
                        22721683.86
                    ],
                    "销售费用": [
                        4650900.0,
                        4608000.0,
                        5654553.6,
                        6222800.69,
                        8393520.54,
                        6872000.06,
                        7366144.63,
                        18658981.7,
                        36529504.12,
                        54417844.55,
                        74066875.52,
                        82992299.67,
                        103318334.33
                    ],
                    "管理费用": [
                        17933600.0,
                        19907200.0,
                        28270758.54,
                        27414864.56,
                        31413275.77,
                        34433894.56,
                        35122977.37,
                        51085761.62,
                        85835731.23,
                        137616487.33,
                        199387388.43,
                        309646325.95,
                        337985491.13
                    ],
                    "财务费用": [
                        -624400.0,
                        63100.0,
                        2101445.25,
                        3636081.49,
                        9301537.91,
                        4252659.5,
                        17121593.19,
                        21030997.82,
                        40301193.63,
                        76332699.7,
                        78544855.75,
                        84832879.11,
                        185112515.1
                    ],
                    "公允价值变动损益": [
                        1583300.0,
                        null,
                        null,
                        null,
                        null,
                        null,
                        null,
                        null,
                        null,
                        150148652.68,
                        64601591.31,
                        -28279199.26,
                        108229459.15
                    ],
                    "投资收益": [
                        -1742700.0,
                        null,
                        null,
                        -41467.33,
                        833538.03,
                        null,
                        -623814.01,
                        -381222.61,
                        867921.74,
                        22497086.87,
                        51307022.55,
                        20895305.97,
                        159603742.91
                    ],
                    "营业利润": [
                        40727300.0,
                        23855000.0,
                        25860683.02,
                        27527097.28,
                        18906833.54,
                        52266381.87,
                        49835971.16,
                        36080144.69,
                        119327801.87,
                        296876915.95,
                        371149293.28,
                        293238632.33,
                        412159868.79
                    ],
                    "营业外收入": [
                        1165100.0,
                        4502800.0,
                        4779067.91,
                        2587078.45,
                        864755.78,
                        768353.66,
                        6475792.68,
                        791607.62,
                        580995.95,
                        2713835.87,
                        4068174.5,
                        394505.33,
                        158949.02
                    ],
                    "营业外支出": [
                        21600.0,
                        145800.0,
                        29632.53,
                        153541.13,
                        290.45,
                        null,
                        10602.37,
                        232375.77,
                        92333.38,
                        1410177.26,
                        550848.05,
                        630459.47,
                        1275282.31
                    ],
                    "税前利润": [
                        41870700.0,
                        28212000.0,
                        30610118.4,
                        29960634.6,
                        19771298.87,
                        53034735.53,
                        56301161.47,
                        36639376.54,
                        119816464.44,
                        298180574.56,
                        374666619.73,
                        293002678.19,
                        411043535.5
                    ],
                    "所得税": [
                        6641100.0,
                        3756000.0,
                        5130157.94,
                        4279105.88,
                        2444696.19,
                        7725549.66,
                        7314602.28,
                        5143393.21,
                        9482524.76,
                        37430309.04,
                        90418087.85,
                        12701614.86,
                        83069963.56
                    ],
                    "净利润": [
                        35229700.0,
                        24456000.0,
                        25479960.46,
                        25681528.72,
                        17326602.68,
                        45309185.87,
                        48986559.19,
                        31495983.33,
                        110333939.68,
                        260750265.52,
                        284248531.88,
                        280301063.33,
                        327973571.94
                    ],
                    "归属母公司净利润": [
                        35195200.0,
                        24462900.0,
                        24945984.99,
                        26265895.41,
                        17698694.06,
                        45309185.87,
                        49291415.43,
                        32439104.73,
                        110253658.09,
                        260599716.15,
                        281764365.4,
                        282441993.73,
                        377277343.39
                    ],
                    "少数股东损益": [
                        34500.0,
                        -6900.0,
                        533975.47,
                        -584366.69,
                        -372091.38,
                        null,
                        -304856.24,
                        -943121.4,
                        80281.59,
                        150549.37,
                        2484166.48,
                        -2140930.4,
                        -49303771.45
                    ],
                    "经常性净利润": [
                        null,
                        null,
                        null,
                        null,
                        null,
                        45309185.87,
                        48986559.19,
                        31495983.33,
                        110333939.68,
                        260750265.52,
                        284248531.88,
                        280301063.33,
                        327973571.94
                    ],
                    "研发费用": [
                        null,
                        null,
                        null,
                        null,
                        null,
                        null,
                        13402513.35,
                        36485946.42,
                        59084272.59,
                        95522856.82,
                        144407020.22,
                        192593787.16,
                        224079701.5
                    ],
                    "其他收入": [
                        null,
                        null,
                        null,
                        null,
                        null,
                        null,
                        1570064.41,
                        3582199.52,
                        21584294.25,
                        13464473.67,
                        81473091.87,
                        29338210.52,
                        72754873.03
                    ],
                    "资产减值损益": [
                        null,
                        null,
                        null,
                        null,
                        null,
                        null,
                        null,
                        -24167722.08,
                        -3245606.6,
                        -4045265.16,
                        -11504425.41,
                        -7548881.89,
                        -31592498.77
                    ],
                    "信用减值损益": [
                        null,
                        null,
                        null,
                        null,
                        null,
                        null,
                        null,
                        null,
                        -10986561.52,
                        -25490011.05,
                        -62449205.42,
                        -111214473.89,
                        -97271206.76
                    ],
                    "毛利润": [
                        40886700.0,
                        23855000.0,
                        25860683.01999998,
                        27568564.609999985,
                        18073295.50999999,
                        40627262.53,
                        48652066.860000014,
                        57046889.860000014,
                        111100318.40999997,
                        140480488.9100001,
                        247801359.98000002,
                        387912285.1000004,
                        192200244.66000032
                    ],
                    "毛利率": [
                        24.85,
                        14.77,
                        12.79,
                        13.66,
                        8.71,
                        15.43,
                        13.18,
                        8.46,
                        11.26,
                        10.06,
                        11.89,
                        12.72,
                        6.1
                    ],
                    "净利润率": [
                        21.42,
                        15.14,
                        12.6,
                        12.73,
                        8.35,
                        17.21,
                        13.27,
                        4.67,
                        11.19,
                        18.66,
                        13.64,
                        9.19,
                        10.41
                    ],
                    "净利润增长率": [
                        null,
                        -30.58,
                        4.19,
                        0.79,
                        -32.53,
                        161.5,
                        8.12,
                        -35.7,
                        250.31,
                        136.33,
                        9.01,
                        -1.39,
                        17.01
                    ],
                    "营业收入增长率": [
                        null,
                        -1.82,
                        25.22,
                        -0.21,
                        2.82,
                        26.89,
                        40.18,
                        82.64,
                        46.34,
                        41.63,
                        49.18,
                        46.32,
                        3.33
                    ],
                    "销售费用占比": [
                        2.83,
                        2.85,
                        2.8,
                        3.08,
                        4.04,
                        2.61,
                        2.0,
                        2.77,
                        3.7,
                        3.9,
                        3.55,
                        2.72,
                        3.28
                    ],
                    "管理费用占比": [
                        10.9,
                        12.33,
                        13.98,
                        13.58,
                        15.14,
                        13.08,
                        9.52,
                        7.58,
                        8.7,
                        9.85,
                        9.57,
                        10.15,
                        10.73
                    ],
                    "研发费用占比": [
                        null,
                        null,
                        null,
                        null,
                        null,
                        null,
                        3.63,
                        5.41,
                        5.99,
                        6.84,
                        6.93,
                        6.32,
                        7.11
                    ]
                }
            },
            "balance_sheet": {
                "years": [
                    "2011-12-31",
                    "2012-12-31",
                    "2013-12-31",
                    "2014-12-31",
                    "2015-12-31",
                    "2016-12-31",
                    "2017-12-31",
                    "2018-12-31",
                    "2019-12-31",
                    "2020-12-31",
                    "2021-12-31",
                    "2022-12-31",
                    "2023-12-31"
                ],
                "metrics": {
                    "合同负债": [
                        48367000.0,
                        13492000.0,
                        35008054.56,
                        6175715.69,
                        6252952.39,
                        37063259.76,
                        21105041.62,
                        96132699.4,
                        136017249.93,
                        170765440.86,
                        239625225.06,
                        269946164.22,
                        459011960.97
                    ],
                    "应收票据及应收账款": [
                        93800300.0,
                        115533900.0,
                        173437600.77,
                        174605063.75,
                        202312817.58,
                        248982973.43,
                        349265589.36,
                        470349935.17,
                        826083962.12,
                        994871408.14,
                        1219048201.8,
                        2117346628.85,
                        2425016679.32
                    ],
                    "应收账款": [
                        73415100.0,
                        110632200.0,
                        161545030.77,
                        169107088.18,
                        185716936.58,
                        238822763.43,
                        334176920.42,
                        464441937.1,
                        813954415.33,
                        980236791.18,
                        1206340036.21,
                        2111952049.27,
                        2418694524.96
                    ],
                    "应收票据": [
                        20385200.0,
                        4901700.0,
                        11892570.0,
                        5497975.57,
                        16595881.0,
                        10160210.0,
                        15088668.94,
                        5907998.07,
                        12129546.79,
                        14634616.96,
                        12708165.59,
                        5394579.58,
                        6322154.36
                    ],
                    "预付账款": [
                        3923600.0,
                        13921300.0,
                        15336837.2,
                        16221423.5,
                        16269039.84,
                        56821644.92,
                        54015366.47,
                        41040153.13,
                        92092892.5,
                        198509343.82,
                        482701776.6,
                        628872055.31,
                        642274435.94
                    ],
                    "存货": [
                        71943000.0,
                        56455300.0,
                        98246297.17,
                        73868876.88,
                        73623641.66,
                        122521633.95,
                        207352590.45,
                        413470810.29,
                        635144404.07,
                        794466619.41,
                        1182941974.51,
                        1704929280.47,
                        2650358709.58
                    ],
                    "其他应收款": [
                        5935100.0,
                        16024300.0,
                        14141436.45,
                        11246683.31,
                        10218404.38,
                        13606376.31,
                        11725169.49,
                        23617432.58,
                        38921516.98,
                        60573468.34,
                        104089379.89,
                        114250441.02,
                        105295727.78
                    ],
                    "流动资产": [
                        269997000.0,
                        237443000.0,
                        355572915.07,
                        308990193.13,
                        354200498.94,
                        485252550.19,
                        715154098.99,
                        1073429586.2,
                        2150608439.05,
                        3751284080.84,
                        4765934666.32,
                        5970983657.46,
                        7267576390.97
                    ],
                    "固定资产": [
                        11581800.0,
                        15090700.0,
                        12966053.27,
                        21219893.63,
                        125243970.93,
                        114363748.82,
                        127477647.99,
                        136661748.09,
                        396618525.94,
                        530056274.06,
                        974921386.59,
                        1587904448.63,
                        1678932661.87
                    ],
                    "无形资产": [
                        9492900.0,
                        14860400.0,
                        25222450.22,
                        26801661.42,
                        9183656.39,
                        8969924.65,
                        15737947.67,
                        16936608.41,
                        131571700.01,
                        124353206.79,
                        173497677.03,
                        312901247.2,
                        366577708.19
                    ],
                    "总资产": [
                        291928500.0,
                        274295100.0,
                        424639324.03,
                        422146889.83,
                        498867696.84,
                        620279152.7,
                        998781335.73,
                        1453849863.04,
                        3257106531.99,
                        5956662795.43,
                        7933017527.63,
                        9837944985.22,
                        11919485610.81
                    ],
                    "短期借款": [
                        5000000.0,
                        30000000.0,
                        53000000.0,
                        37200000.0,
                        44242009.14,
                        89814430.74,
                        299999316.27,
                        449381379.3,
                        562753288.18,
                        958834271.38,
                        1283071779.01,
                        1984601410.72,
                        2227166245.32
                    ],
                    "应付票据及应付账款": [
                        60002000.0,
                        34735300.0,
                        67531855.8,
                        77920190.9,
                        68046991.81,
                        96102957.32,
                        127413776.44,
                        324352207.53,
                        367328187.8,
                        373423613.81,
                        537914144.01,
                        899715447.84,
                        1104422812.51
                    ],
                    "应付账款": [
                        59002000.0,
                        34735300.0,
                        58292488.8,
                        62104562.9,
                        66246991.81,
                        75836758.82,
                        124910018.44,
                        317486765.7,
                        346091377.7,
                        345408552.4,
                        526914144.01,
                        899150447.84,
                        1061992541.76
                    ],
                    "应付票据": [
                        1000000.0,
                        null,
                        9239367.0,
                        15815628.0,
                        1800000.0,
                        20266198.5,
                        2503758.0,
                        6865441.83,
                        21236810.1,
                        28015061.41,
                        11000000.0,
                        565000.0,
                        42430270.75
                    ],
                    "应付职工薪酬": [
                        2077000.0,
                        1403000.0,
                        1367861.82,
                        1040200.71,
                        975122.04,
                        1934815.95,
                        2311336.15,
                        3378541.76,
                        8348285.82,
                        10843590.87,
                        24457563.28,
                        39369774.65,
                        34490194.95
                    ],
                    "应付税费": [
                        2233300.0,
                        4093200.0,
                        9082672.87,
                        18400892.69,
                        22891718.98,
                        28485247.79,
                        28871439.59,
                        11062708.55,
                        26461327.42,
                        35235753.2,
                        148054681.97,
                        132046722.11,
                        120255654.37
                    ],
                    "其他应付款": [
                        775700.0,
                        882500.0,
                        838615.6,
                        925657.74,
                        10048247.62,
                        8114205.65,
                        37985664.15,
                        47098828.52,
                        97037881.37,
                        71595960.39,
                        192496676.28,
                        222654312.08,
                        188638599.37
                    ],
                    "流动负债": [
                        118455100.0,
                        84606000.0,
                        166829060.65,
                        141662657.73,
                        162457041.98,
                        261514917.21,
                        567648849.28,
                        941900867.06,
                        1247195253.63,
                        1809914777.71,
                        2761320947.93,
                        3934829455.95,
                        4822034350.54
                    ],
                    "总负债": [
                        119855100.0,
                        86222400.0,
                        215577782.43,
                        190341812.74,
                        249736017.07,
                        327238287.06,
                        585092064.69,
                        1009993749.75,
                        1756231652.79,
                        2795942378.94,
                        3642566791.65,
                        5128688683.52,
                        6853058227.34
                    ],
                    "实收资本": [
                        90000000.0,
                        90000000.0,
                        156000000.0,
                        156000000.0,
                        156000000.0,
                        156000000.0,
                        210400000.0,
                        210940000.0,
                        258908558.0,
                        307804612.0,
                        318500474.0,
                        321079574.0,
                        386717770.0
                    ],
                    "长期待摊费用": [
                        null,
                        253300.0,
                        991228.29,
                        806539.26,
                        260081.2,
                        28583.39,
                        1055325.33,
                        968543.83,
                        3579657.77,
                        4138111.99,
                        18643114.26,
                        45694695.57,
                        41802260.54
                    ],
                    "少数股东权益": [
                        null,
                        1581500.0,
                        2115425.47,
                        1531058.78,
                        1158967.4,
                        null,
                        8625757.7,
                        8201928.47,
                        17953331.77,
                        17985742.96,
                        224228808.66,
                        249126995.77,
                        176078822.67
                    ],
                    "长期借款": [
                        null,
                        null,
                        32000000.0,
                        32000000.0,
                        22000000.0,
                        null,
                        null,
                        47000000.0,
                        224700000.0,
                        588082225.0,
                        648867628.28,
                        772369058.0,
                        1438894743.15
                    ],
                    "长期应付款": [
                        null,
                        null,
                        null,
                        null,
                        null,
                        null,
                        null,
                        2996439.63,
                        null,
                        105270432.0,
                        26517441.43,
                        166600000.0,
                        284520661.42
                    ],
                    "租赁负债": [
                        null,
                        null,
                        null,
                        null,
                        null,
                        null,
                        null,
                        null,
                        null,
                        null,
                        4034322.71,
                        20296578.05,
                        18614630.42
                    ],
                    "资产负债率": [
                        41.06,
                        31.43,
                        50.77,
                        45.09,
                        50.06,
                        52.76,
                        58.58,
                        69.47,
                        53.92,
                        46.94,
                        45.92,
                        52.13,
                        57.49
                    ],
                    "应收账款及应收票据": [
                        93800300.0,
                        115533900.0,
                        173437600.77,
                        174605063.75,
                        202312817.58,
                        248982973.43,
                        349265589.36,
                        470349935.17,
                        826083962.12,
                        994871408.14,
                        1219048201.8,
                        2117346628.85,
                        2425016679.32
                    ],
                    "应收账款及应收票据占比": [
                        57.02,
                        71.54,
                        85.76,
                        86.52,
                        97.5,
                        94.56,
                        94.63,
                        69.78,
                        83.74,
                        71.21,
                        58.49,
                        69.43,
                        76.96
                    ],
                    "存货占营业成本比": [
                        58.2,
                        41.01,
                        55.7,
                        42.39,
                        38.87,
                        55.02,
                        64.71,
                        67.01,
                        72.56,
                        63.22,
                        64.42,
                        64.06,
                        89.57
                    ],
                    "应付账款及应付票据": [
                        60002000.0,
                        34735300.0,
                        67531855.8,
                        77920190.9,
                        68046991.81,
                        96102957.32,
                        127413776.44,
                        324352207.53,
                        367328187.8,
                        373423613.81,
                        537914144.01,
                        899715447.84,
                        1104422812.51
                    ],
                    "应付账款及应付票据占比": [
                        48.54,
                        25.23,
                        38.29,
                        44.72,
                        35.92,
                        43.16,
                        39.76,
                        52.57,
                        41.96,
                        29.72,
                        29.29,
                        33.8,
                        37.33
                    ],
                    "合同负债占比": [
                        29.4,
                        8.35,
                        17.31,
                        3.06,
                        3.01,
                        14.08,
                        5.72,
                        14.26,
                        13.79,
                        12.22,
                        11.5,
                        8.85,
                        14.57
                    ],
                    "应付账款占营业成本与存货比": [
                        30.68,
                        17.89,
                        24.59,
                        31.4,
                        25.87,
                        27.84,
                        24.14,
                        31.47,
                        24.32,
                        18.21,
                        17.82,
                        20.6,
                        19.69
                    ]
                }
            },
            "cash_flow": {
                "years": [
                    "2011-12-31",
                    "2012-12-31",
                    "2013-12-31",
                    "2014-12-31",
                    "2015-12-31",
                    "2016-12-31",
                    "2017-12-31",
                    "2018-12-31",
                    "2019-12-31",
                    "2020-12-31",
                    "2021-12-31",
                    "2022-12-31",
                    "2023-12-31"
                ],
                "metrics": {
                    "销售收款": [
                        154398100.0,
                        108680400.0,
                        201963042.25,
                        201858070.51,
                        203466801.7,
                        276369696.21,
                        300914436.83,
                        693079209.75,
                        944405728.95,
                        1191365833.52,
                        2091555785.48,
                        2533263343.27,
                        3217817062.71
                    ],
                    "其他经营性流入": [
                        9794700.0,
                        5773400.0,
                        24550025.08,
                        6652579.44,
                        5512292.62,
                        2513491.61,
                        22179787.1,
                        15692741.73,
                        47878463.96,
                        92482498.43,
                        332005209.97,
                        111458146.73,
                        296355383.29
                    ],
                    "经营活动现金流入总额": [
                        164192800.0,
                        114453700.0,
                        226513067.33,
                        208510649.95,
                        209051521.49,
                        280651574.67,
                        323604550.52,
                        709719004.13,
                        997791744.19,
                        1291128232.8,
                        2431065554.18,
                        2648955387.42,
                        3551113454.91
                    ],
                    "采购支出": [
                        111417500.0,
                        110250000.0,
                        157389910.95,
                        109228687.91,
                        154545283.74,
                        237890408.77,
                        302744391.17,
                        573343721.04,
                        815601533.12,
                        1175639303.15,
                        2087029762.62,
                        2506547241.84,
                        3113421291.96
                    ],
                    "人工支出": [
                        11436000.0,
                        21369700.0,
                        30507472.93,
                        26952424.93,
                        21319769.17,
                        19231408.26,
                        26672793.64,
                        63170698.92,
                        118825292.94,
                        138364387.04,
                        227943760.2,
                        333742964.96,
                        407914806.4
                    ],
                    "税费支出": [
                        18189100.0,
                        14675000.0,
                        11084493.54,
                        6666419.91,
                        10358778.7,
                        16326791.49,
                        25536823.49,
                        51767250.79,
                        45871217.99,
                        61495883.14,
                        66395923.1,
                        233982045.9,
                        242333493.51
                    ],
                    "其他经营性流出": [
                        21131600.0,
                        23577100.0,
                        23403125.06,
                        20448122.75,
                        20729703.25,
                        25621425.49,
                        36855313.95,
                        74267059.85,
                        128437060.86,
                        196556154.78,
                        240419927.56,
                        382562654.22,
                        598684160.52
                    ],
                    "经营活动现金流出总额": [
                        162174100.0,
                        169871700.0,
                        222385002.48,
                        163295655.5,
                        206953534.86,
                        299070034.01,
                        391809322.25,
                        762548730.6,
                        1108735104.91,
                        1572055728.11,
                        2621789373.48,
                        3456834906.92,
                        4362353752.39
                    ],
                    "经营活动现金流量净额": [
                        2018700.0,
                        -55418000.0,
                        4128064.85,
                        45214994.45,
                        2097986.63,
                        -18418459.34,
                        -68204771.73,
                        -52829726.47,
                        -110943360.72,
                        -280927495.31,
                        -190723819.3,
                        -807879519.5,
                        -811240297.48
                    ],
                    "固定资产支出": [
                        21050400.0,
                        14895100.0,
                        35803720.39,
                        44342628.27,
                        48763606.8,
                        13136030.73,
                        31028209.06,
                        82225978.53,
                        240012276.31,
                        583482286.28,
                        921782351.46,
                        630186257.18,
                        648638534.22
                    ],
                    "投资支出": [
                        180000.0,
                        3564500.0,
                        null,
                        1000000.0,
                        2000000.0,
                        1400000.0,
                        120116667.0,
                        11530000.0,
                        31314800.0,
                        352855787.48,
                        179694790.41,
                        51760000.0,
                        77130000.0
                    ],
                    "投资活动现金流出总额": [
                        21230400.0,
                        18459600.0,
                        35803720.39,
                        45342628.27,
                        50763606.8,
                        14536030.73,
                        167392810.67,
                        93755978.53,
                        519408589.18,
                        936338073.76,
                        1101477141.87,
                        681946257.18,
                        770022190.83
                    ],
                    "吸收投资流入": [
                        100204000.0,
                        null,
                        null,
                        null,
                        null,
                        null,
                        95075341.86,
                        5897942.5,
                        427606945.99,
                        1361577001.72,
                        658543417.62,
                        267395468.69,
                        39300789.86
                    ],
                    "投资活动现金流量净额": [
                        -19821000.0,
                        -17395400.0,
                        -34753720.39,
                        -45209538.27,
                        -48758806.8,
                        22034620.99,
                        -167083185.67,
                        -93755978.53,
                        -519343780.17,
                        -909072721.94,
                        -716037199.03,
                        -632658063.43,
                        -477523188.08
                    ],
                    "借款流入": [
                        10000000.0,
                        35000000.0,
                        85000000.0,
                        49200000.0,
                        48934403.64,
                        91589927.53,
                        391382269.15,
                        532790473.02,
                        825034464.57,
                        1706844146.15,
                        2261192758.4,
                        2516807238.75,
                        4347592308.23
                    ],
                    "筹资活动现金流入总额": [
                        110204000.0,
                        35000000.0,
                        85000000.0,
                        49200000.0,
                        96884403.64,
                        91589927.53,
                        486457611.01,
                        538688415.52,
                        1599161410.56,
                        3068421147.87,
                        2920198516.07,
                        2784202707.44,
                        4386893098.09
                    ],
                    "还款流出": [
                        5000000.0,
                        10000000.0,
                        30000000.0,
                        65000000.0,
                        41892394.5,
                        78004580.35,
                        180882187.71,
                        376579281.92,
                        577658570.61,
                        740300614.18,
                        1859739212.75,
                        1702485736.34,
                        3045399409.48
                    ],
                    "分红支出": [
                        96900.0,
                        11073400.0,
                        7037716.89,
                        6697832.97,
                        7700276.89,
                        7947478.78,
                        26806950.08,
                        27929178.01,
                        51976707.57,
                        84268276.76,
                        131154240.25,
                        106780216.63,
                        197754894.81
                    ],
                    "筹资活动现金流出总额": [
                        5278700.0,
                        21073400.0,
                        37037716.89,
                        71697832.97,
                        49592671.39,
                        85952059.13,
                        207689137.79,
                        404767416.93,
                        630554601.6,
                        850040751.13,
                        2014139033.51,
                        1869473668.72,
                        3301563560.87
                    ],
                    "筹资活动现金流量净额": [
                        104925300.0,
                        13926600.0,
                        47962283.11,
                        -22497832.97,
                        47291732.25,
                        5637868.4,
                        278768473.22,
                        133920998.59,
                        968606808.96,
                        2218380396.74,
                        906059482.56,
                        914729038.72,
                        1085329537.22
                    ],
                    "现金增加": [
                        87123000.0,
                        -58886800.0,
                        17336627.57,
                        -22492376.79,
                        630912.08,
                        9254030.05,
                        43420473.07,
                        -12403667.29,
                        338616507.4,
                        1028059391.48,
                        -3546168.21,
                        -526793905.01,
                        -204711776.76
                    ],
                    "期末现金": [
                        94395100.0,
                        35508300.0,
                        52844922.48,
                        30352545.69,
                        30983457.77,
                        40237487.82,
                        83657960.89,
                        71254293.6,
                        409870801.0,
                        1437930192.48,
                        1434384024.27,
                        907590119.26,
                        702878342.5
                    ],
                    "存货余额减少": [
                        null,
                        null,
                        -42141155.54,
                        24377420.29,
                        245235.22,
                        -48897992.29,
                        -82291431.18,
                        -221502689.27,
                        -156585750.49,
                        -170613269.49,
                        -392580786.11,
                        -530693420.05,
                        -1066457876.08
                    ],
                    "应收余额减少": [
                        null,
                        null,
                        -66045670.87,
                        -10262455.53,
                        -39803546.4,
                        -104632749.96,
                        -97795462.36,
                        -185769203.45,
                        -157345630.44,
                        -389234919.8,
                        -706919079.83,
                        -1219434431.6,
                        -790703259.6
                    ],
                    "应付余额增加": [
                        null,
                        null,
                        74637360.48,
                        -9299120.52,
                        -3460164.85,
                        73966325.73,
                        16451069.84,
                        259706823.74,
                        19337245.9,
                        25563943.17,
                        506499837.36,
                        319760998.97,
                        539530691.64
                    ]
                }
            }
        }
    }
}